@book{bookofproof,
    author = {Richard Hammack},
    publisher = {Richard Hammack},
    title = {Book of Proof},
    year = {2018},
    edition = {3rd Edition}
}