@book{bookofproof,
    author    = {Richard Hammack},
    publisher = {Richard Hammack},
    title     = {Book of Proof},
    year      = {2018},
    edition   = {3rd Edition}
}

@book{naivesettheory,
    author    = {Paul R. Halmos},
    publisher = {Springer},
    title     = {Naive Set Theory},
    year      = {1998}
}

@book{understandinganalysis,
    author    = {Stephen Abbott},
    publisher = {Springer},
    title     = {Understanding Analysis},
    edition   = {2nd Edition},
    year      = {2015}
}

@book{elemrealandcomplex,
    author     = {Georgi E. Shilov},
    publisher  = {Dover},
    title      = {Elementary Real and Complex Analysis},
    year       = {1973},
    translator = {Richard A. Silverman}
}